% ======================
% Bioinformatics Theory
% ======================

@InBook{GOHandbook:Springer,
    ALTauthor = {Pascale Gaudet and Nives Skunca and James Hu and Christophe Dessimoz},
    ALTeditor = {Christophe Dessimoz and Nives Skunca},
    title = {The Gene Ontology Handbook},
    chapter = {Primer on Gene Ontology},
    publisher = {Springer International Publishing},
    year = {2017}
}

@InBook{GOHandbookThroughput:Springer,
    author = {Domenico Cozzetto and David Jones},
    ALTeditor = {Christophe Dessimoz and Nives Skunca},
    title = {The Gene Ontology Handbook},
    chapter = {Computational Methods for Annotation Transfers from Sequence},
    publisher = {Springer International Publishing},
    year = {2017}
}

@online{EvidenceCode:GO,
    author = {Gene Ontology Consortium},
    title = {Guide to GO Evidence Codes},
    year = {2015},
    url = {http://www.geneontology.org/page/guide-go-evidence-codes}
}

% =============
% Autoencoders
% =============

@inproceedings{Baldi:GOAutoeencoder,
    author = {Davide Chicco and Peter Sadowski and Pierre Baldi},
    title = {Deep autoencoder neural networks for gene ontology annotation predictions},
    booktitle = {Proceedings of the 5th ACM Conference on Bioinformatics, Computational Biology, and Health Informatics},
    year = {2014},
    OPTvenue = {Newport Beach, California},
    OPTpages = {533-540}
}

@inproceedings{Vincent:DAE,
    author = {Pascal Vincent and Hugo Larochelle and Yoshua Bengio and Pierre-Antoine Manzagol},
    title = {Extracting and composing robust features with denoising autoencoders},
    booktitle = {Proceedings of the 25th International Conference on Machine Learning},
    year = {2008},
    OPTvenue = {Helsinki, Finland},
    OPTpages = {1096-1103}
}

@article{Vincent:SDAE,
    author = {Pascal Vincent and Hugo Larochelle and Isabelle Lajoie and Yoshua Bengio and Pierre-Antoine Manzagol},
    title = {Stacked Denoising Autoencoders: Learning Useful Representations in a Deep Network with a Local Denoising Criterion},
    journaltitle = {Journal of Machine Learning Research},
    year = {2010},
    OPTnumber = {11},
    OPTpages = {3371-3408}
}

@article{Langkvist:CRSAE,
    author = {Martin L{\"a}ngkvist and Amy Loutfi},
    title = {Learning Feature Representations with a Cost-Relevant Sparse Autoencoder},
    journaltitle = {International Journal of Neural Systems},
    year = {2005},
    OPTpages = {1-11}
}

@inproceedings{Wang:FSGA,
    author = {Shuyang Wang and Zhengming Ding and Yun Fu},
    title = {Feature Selection Guided Auto-Encoder},
    booktitle = {Proceedings of the Thirty-First AAAI Conference on Artificial Intelligence},
    year = {2017}
}

@inproceedings{Rifai:CAE,
    author = {Salah Rifai and Pascal Vincent and Xavier Muller and Xavier Glorot and Yoshua Bengio},
    title = {Contractive Auto-encoders Explicit Invariance During Feature Extraction},
    booktitle = {Proceedings of the 28th International Conference on Machine Learning},
    year = {2011},
    OPTvenue = {Bellevue USA}
}

@inproceedings{Hinton:AE,
    author = {Geoffrey Hinton and Richard Zemel},
    title = {Autoencoders, minimum description length, and helmholtz free energy},
    booktitle = {Neural Information Processing Systems},
    year = {1994}
}

@inproceedings{Coates:SparseAE,
    author = {Adam Coates and Andrew Ng},
    title = {The importance of encoding versus training with sparse coding and vector quantization},
    booktitle = {Proceedings of the 28th International Conference on Machine Learning},
    year = {2011}
}

@inproceedings{Makhzani:kSparse,
    author = {Alireza Makhzani and Brendan Frey},
    title = {k-Sparse Autoencoders},
    booktitle = {International Conference on Learning Representations},
    year = {2014}
}

@inproceedings{Makhzani:FCWTA,
    author = {Alireza Makhzani and Brendan Frey},
    title = {Winner-Take-All Autoencoders},
    booktitle = {Neural Information Processing Systems},
    year = {2015}
}

@inproceedings{Chen:KATE,
    author = {Yu Chen and Mohammed Zaki},
    title = {KATE: K-Competitive Autoencoder for Text},
    booktitle = {Knowledge Discovery and Data Mining},
    year = {2017}
}

@article{Kamyshanska:PotentialAE,
    author = {Hanna Kamyshanska and Roland Memisevic},
    title = {The Potential Energy of an Autoencoder},
    journaltitle = {IEEE Transactions on Pattern Analysis and Machine Intelligence},
    year = {2014}
}

% ==========================
% Multi-Label Classification
% ==========================

@article{Tsoumakas:MLC,
    author = {G. Tsoumakas and I. Katakis},
    title = {Multilabel classification: an overview},
    journal = {International Journal of Data Warehouse and Mining},
    year = {2007},
    volume = {3}
}

@article{Zhang:MLC,
    author = {Min-Ling Zhang and Zhi-Hua Zhou},
    title = {A Review on Multi-Label Learning Algorithms},
    journal = {IEEE Transactions on Knowledge and Data Engineering},
    year = {2014},
    volume = {26},
    issue = {8}
}


@InBook{Tsoumakas:MiningMultilabel,
    author = {G. Tsoumakas and I. Katakis and Ioannis Vlahavas},
    ALTeditor = {O. Maimon and L. Rokach},
    title = {Data Mining and Knowledge Discovery Handbook},
    chapter = {Mining Multilabel Data},
    publisher = {Springer US},
    year = {2010},
    pages = {667-685}
}

@article{Madjarov:MLC,
    author = {Gjorgji Madjarov and Dragi Kocev and Dejan Gjorjevikz and Saso Dzeroski},
    title = {An extensive experimental comparison of methods for multi-label learning},
    journal = {Pattern Recognition},
    year = {2012},
    volume = {45},
    issue = {49},
    pages = {3084-3104}
}


@Book{MLC:MajorReference,
    ALTauthor = {Francisco Herrera and Francisco Charte and Antonio Rivera and Maria del Jesus},
    title = {Multilabel Classification, Problem Analysis, Metrics and Techniques},
    publisher = {Springer International Publishing},
    year = {2016}
}

@InBook{MLC:MajorReference2,
    ALTauthor = {Francisco Herrera and Francisco Charte and Antonio Rivera and Maria del Jesus},
    title = {Multilabel Classification, Problem Analysis, Metrics and Techniques},
    chapter = {Multilabel Classification},
    publisher = {Springer International Publishing},
    year = {2016}
}


@article{Gibaja:MLC,
    author = {Eva Gibaja and Sebastian Ventura},
    title = {A Tutorial on Multilabel Learning},
    journal = {ACM Computing Surveys},
    year = {2015},
    volume = {47},
    issue = {3},
    pages = {2-38}
}

@PhdThesis{Kocev:RFPCT,
    author = {D. Kocev},
    title = {Ensembles for predicting structured outputs},
    school = {IPS Jo\v{z}ef Stefan},
    year = {2011}
}

@inproceedings{Tsoumakas:HOMER,
    author = {G. Tsoumakas and I. Katakis and I. Vlahavas},
    title = {Effective and efficient multilabel classification in domains with large number of labels},
    booktitle = {Proceedings of the ECML/PKDD Workshop on Mining Multidimensional Data},
    year = {2008},
    pages = {30-44}
}

@inproceedings{Read:CC,
    author = {J. Read and B. Pfahringer and G. Holmes and E. Frank},
    title = {Classifier chains for multi-label classification},
    booktitle = {Proceedings of the 20th European Conference on Machine Learning},
    year = {2009},
    pages = {254-269}
}


% ===============
% Data Imbalance 
% ===============

@article{Charte:MLDImbalance,
    author = {Francisco Charte and Antonio Rivera and Maria del Jesus and Francisco Herrera},
    title = {Addressing imbalance in multilabel classification: Measures and random resampling algorithms},
    journal = {Neurocomputing},
    year = {2015},
    volume = {163},
    pages = {3-16}
}

% =========
% Datasets
% =========
@article{lecun-mnisthandwrittendigit-2010,
    author = {LeCun, Yann and Cortes, Corinna},
    howpublished = {http://yann.lecun.com/exdb/mnist/},
    title = {{MNIST} handwritten digit database},
    url = {http://yann.lecun.com/exdb/mnist/},
    year = 2010
}


@inproceedings{Genbase:Data,
    author = {S. Diplaris and G. Tsoumakas and P. Mitkas and I. Vlahavas},
    title = {Protein Classification with Multiple Algorithms},
    booktitle = {10th Panhellenic Conference on Informatics},
    year = {2005},
    OPTvenue = {Greece}
}

@article{Yeast:Data,
    author = {A. Elisseeff and J. Weston},
    title = {A kernel method for multi-labelled classification},
    journal = {Advances in Neural Information Processing Systems},
    year = {2001}
}

@article{MULAN:DataRepo,
    author = {G. Tsoumakas and E.S. Xioufis and J. Vilcek and I. Vlahavas},
    title = {MULAN multi-label dataset repository},
    year = {2011},
    note = {Available: \url{http://mulan.sourceforge.net/datasets.html}}
}

@article{WEKA:DataRepo,
    author = {J. Read and P. Reutemann},
    title = {MEKA A multi-label dataset repository},
    year = {2015},
    note = {Available: \url{http://sourceforge.net/projects/meka/files/Datasets/}}
}

@inproceedings{MLDR:DataRepo,
    author = {F. Charte and D. Charte and A.J. Rivera and M.J. del Jesus and F. Herrera},
    title = {R Ultimate multilabel dataset repository},
    booktitle = {11th International COnference on Hybrid Artificial Intelligence Systems},
    year = {2016}
}


% ==============
% Other Methods
% ==============
@inproceedings{Wang:PCA,
    author = {Wanlu Wang and Xin Zhang and Jun Meng and Yushi Luan},
    title = {Protein function prediction based on physiochemical properties and protein granularity},
    booktitle = {2013 IEEE International Conference on Granular Computing},
    year = {2013},
    OPTvenue = {Beijing}
}


@article{2017arXiv170505919K,
   author = {{Kulmanov}, M. and {Khan}, M.~A. and {Hoehndorf}, R.},
    title = "{DeepGO: Predicting protein functions from sequence and interactions using a deep ontology-aware classifier}",
  journal = {ArXiv e-prints},
archivePrefix = "arXiv",
   eprint = {1705.05919},
 primaryClass = "q-bio.GN",
 keywords = {Quantitative Biology - Genomics, Computer Science - Learning, Quantitative Biology - Quantitative Methods},
     year = 2017,
    month = may,
   adsurl = {http://adsabs.harvard.edu/abs/2017arXiv170505919K},
  adsnote = {Provided by the SAO/NASA Astrophysics Data System}
}


% ================================ 
% Related Deep Learning Techniques 
% ================================

@article{Srivastava:Dropout,
    author = {Nitish Srivastava and Geoffrey Hinto and Alex Krizhevsky and Ilya Sutskever and Ruslan Salakhutdinov},
    title = {Dropout: A Simple Way to Prevent Neural Networks from Overfitting},
    journal = {Journal of Machine Learning Research},
    year = {2014},
    OPTnumber = {15},
    OPTpages = {1929-1958}
}

% =======================
% Machine Learning Tools 
% =======================

@article{demsarStats,
    author = {Janez Dem\u{s}ar},
    title = {Statistical Comparisons of Classifiers over Multiple Datasets},
    journal = {Journal of Machine Learning Research},
    volume = 7,
    year = 2006
}

@article{2017arXiv170201460S, 
    author = {{Szyma{\'n}ski}, P. and {Kajdanowicz}, T.}, 
    title = "{A scikit-based Python environment for performing multi-label classification}",
    journal = {ArXiv e-prints},
    archivePrefix = "arXiv",
    eprint = {1702.01460},
    primaryClass = "cs.LG",
    keywords = {Computer Science - Learning, Computer Science - Mathematical Software},
    year = 2017,
    month = feb,
}

@article{CC01a,
    author = {Chang, Chih-Chung and Lin, Chih-Jen},
    title = {{LIBSVM}: A library for support vector machines},
    journal = {ACM Transactions on Intelligent Systems and Technology},
    volume = {2},
    issue = {3},
    year = {2011},
    pages = {27:1--27:27},
    note =   {Software available at \url{http://www.csie.ntu.edu.tw/~cjlin/libsvm}}
}

@article{REF08a,
    author = {Rong-En Fan and Kai-Wei Chang and Cho-Jui Hsieh and Xiang-Rui Wang and Chih-Jen Lin},
    title = {{LIBLINEAR}: A Library for Large Linear Classification},
    journal = {Journal of Machine Learning Research},
    year = {2008},
    volume ={9},
    pages ={1871--1874}
}